@online{build_your_own_openjdk_gc,
  title        = {Build Your Own GC with OpenJDK in 20 minutes},
  date         = {2019},
  month        = {February},
  day          = {11},
  organization = {Youtube},
  author       = {Roman Kennke},
  url          = {https://www.youtube.com/watch?v=ko39IWFam5g}
}

@online{youtube_introductory_video,
  title        = {Garbage Collection Algorithms: Mark Sweep, Generation Hypothesis and JIT Code Injection.},
  date         = {2020},
  month        = {December},
  day          = {15},
  organization = {Youtube},
  author       = {Gaurav Sen},
  url          = {https://www.youtube.com/watch?v=ZhbIReLe-r8}
}

@online{gc_faq,
  title        = {GC FAQ},
  organization = {The Invincible Electric Calculator Company},
  url          = {https://www.iecc.com/gclist/GC-faq.html}
}

@online{generational_scavenging_austin,
  title        = {Generation Scavenging: A Non-Disruptive High-Performance Storage Reclamation Algorithm},
  organization = {The University of Texas at Austin},
  author       = {Donald Nguyen},
  date         = {2009},
  month        = {Februrary},
  day          = {9},
  url          = {https://www.cs.utexas.edu/users/mckinley/395Tmm/talks/Feb-9-Ungar.pdf}
}

@online{garbage_collection_overview_uw,
  title        = {Garbage Collection Algorithms},
  organization = {The University of Washington},
  author       = {Rick Byers},
  date         = {2007},
  url          = {https://courses.cs.washington.edu/courses/csep521/07wi/prj/rick.pdf}
}

@online{garbage_collection_overview_mit,
  title        = {Garbage Collection},
  organization = {The University of Massachusetts Amherst},
  author       = {Emergy Berger and Bruno Silva},
  date         = {2009},
  url          = {https://people.cs.umass.edu/~emery/classes/cmpsci377/current/notes/lecture_21_gc.pdf}
}

@online{programming_languages_electricity,
  title        = {Which Programming Languages Use the Least Electricity?},
  organization = {The New Stack},
  author       = {David Cassel},
  date         = {2018},
  month        = {May},
  day          = {18},
  url          = {https://thenewstack.io/which-programming-languages-use-the-least-electricity}
}

@book{gc_handbook,
  title={The Garbage Collection Handbook: The Art of Automatic Memory Management},
  author={Jones, R. and Hosking, A. and Moss, E.},
  isbn={9781315388007},
  series={Chapman \& Hall/CRC Applied Algorithms and Data Structures series},
  url={https://books.google.com/books?id=kM6NDwAAQBAJ},
  year={2016},
  publisher={CRC Press}
}

@inbook{nystrom,
  title={Crafting Interpreters},
  author={Nystrom, R.},
  isbn={9780990582939},
  url={https://books.google.com/books?id=ySOBzgEACAAJ},
  year={2021},
  publisher={Genever Benning},
  pages = {500-525},
}